% This file was created with JabRef 2.10.
% Encoding: Cp1252


@Article{Dalgaard2002,
  Title                    = {Changes to the R-Tcl/Tk package},
  Author                   = {Dalgaard, P.},
  Journal                  = {R-News},
  Year                     = {2002},
  Number                   = {3},
  Pages                    = {25-27},
  Volume                   = {2},

  Owner                    = {lucp8394},
  Timestamp                = {2014.10.03}
}

@InProceedings{Dalgaard2001,
  Title                    = {The R-Tcl/Tk interface},
  Author                   = {Dalgaard, P.},
  Booktitle                = {DSC 2001 Proceedings of the 2nd International Workshop on Distributed Statistical Computing},
  Year                     = {2001},

  Address                  = {Vienna, Austria},

  Owner                    = {lucp8394},
  Timestamp                = {2014.10.03}
}

@Article{Dalgaard2001a,
  Title                    = {A Primer on the R-Tcl/Tk Package},
  Author                   = {Dalgaard, P},
  Journal                  = {R-News},
  Year                     = {2001},
  Number                   = {3},
  Pages                    = {27-31},
  Volume                   = {1},

  Owner                    = {lucp8394},
  Timestamp                = {2014.10.03}
}

@Article{Fox2007,
  Title                    = {Extending the R Commander by "Plug-in" Packages},
  Author                   = {Fox, J.},
  Journal                  = {R-News},
  Year                     = {2007},
  Number                   = {3},
  Pages                    = {46-52},
  Volume                   = {7},

  Owner                    = {lucp8394},
  Timestamp                = {2014.10.03}
}

@Article{Fox2005,
  Title                    = {The R Commander: A basic-statistics graphical user interface to R},
  Author                   = {Fox, J.},
  Journal                  = {Journal of Statistical},
  Year                     = {2005},
  Number                   = {9},
  Pages                    = {1-42},
  Volume                   = {14},

  Owner                    = {lucp8394},
  Timestamp                = {2014.10.03}
}

@Manual{Fox2013,
  Title                    = {Getting Started With the R Commander},
  Author                   = {Fox, J. and Bouchet-Valat, M.},
  Year                     = {2013},

  Owner                    = {lucp8394},
  Timestamp                = {2014.10.03},
  Url                      = {http://socserv.mcmaster.ca/jfox/Misc/Rcmdr/Getting-Started-with-the-Rcmdr.pdf}
}

