% This file was created with JabRef 2.10.
% Encoding: Cp1252


@Manual{Aregay2014,
  Title                    = {Package 'BcDiag' - Diagnostic plots for Bicluster Data},
  Author                   = {Aregay, M. and Otava, M. and Khamiakova, T. and De Troyer, Ewoud},
  Note                     = {R Package Version 1.0.4},
  Year                     = {2014},

  Owner                    = {lucp8394},
  Timestamp                = {2014.10.03},
  Url                      = {http://cran.r-project.org/web/packages/BcDiag/BcDiag.pdf}
}

@Article{Bergman2003,
  Title                    = {Iterative signature algorithm for the analysis of large-scale gene expression data},
  Author                   = {Bergman, S. and Ihmels, J. and Barkai, N.},
  Journal                  = {Physical Review},
  Year                     = {2003},
  Number                   = {3 Pt1},
  Pages                    = {1-18},
  Volume                   = {67},

  Owner                    = {lucp8394},
  Timestamp                = {2014.10.03}
}

@InProceedings{Cheng2000,
  Title                    = {BicBicluster of expression data},
  Author                   = {Cheng, Y. and Church, G.M.},
  Booktitle                = {Proceedings of International Conference on Intelligent Systems for Molecular Biology},
  Year                     = {2000},
  Pages                    = {93-103},
  Volume                   = {8},

  Owner                    = {lucp8394},
  Timestamp                = {2014.10.03}
}

@Manual{Csardi2014,
  Title                    = {Package 'isa2': The Iterative Signature Algorithm},
  Author                   = {Cs\'ardi, G.},
  Note                     = {Package Version 0.3.3},
  Year                     = {2014},

  Owner                    = {lucp8394},
  Timestamp                = {2014.10.03},
  Url                      = {http://cran.r-project.org/web/packages/isa2/isa2.pdf}
}

@Manual{Csardi2013,
  Title                    = {The Iterative Signature Algorithm - Tutorial},
  Author                   = {Cs\'ardi, G.},
  Year                     = {2013},

  Owner                    = {lucp8394},
  Timestamp                = {2014.10.03},
  Url                      = {http://raptor1.bizlab.mtsu.edu/s-drive/TEFF/Rlib/library/isa2/doc/ISA_tutorial.pdf}
}

@Manual{Culhana2014,
  Title                    = {Introduction to iBBiG},
  Author                   = {Culhana, A. and Gusenleitner, D.},
  Year                     = {2014},

  Owner                    = {lucp8394},
  Timestamp                = {2014.10.03},
  Url                      = {http://www.bioconductor.org/packages/release/bioc/vignettes/iBBiG/inst/doc/tutorial.pdf}
}

@Article{Dalgaard2002,
  Title                    = {Changes to the R-Tcl/Tk package},
  Author                   = {Dalgaard, P.},
  Journal                  = {R-News},
  Year                     = {2002},
  Number                   = {3},
  Pages                    = {25-27},
  Volume                   = {2},

  Owner                    = {lucp8394},
  Timestamp                = {2014.10.03}
}

@InProceedings{Dalgaard2001,
  Title                    = {The R-Tcl/Tk interface},
  Author                   = {Dalgaard, P.},
  Booktitle                = {DSC 2001 Proceedings of the 2nd International Workshop on Distributed Statistical Computing},
  Year                     = {2001},

  Address                  = {Vienna, Austria},

  Owner                    = {lucp8394},
  Timestamp                = {2014.10.03}
}

@Article{Dalgaard2001a,
  Title                    = {A Primer on the R-Tcl/Tk Package},
  Author                   = {Dalgaard, P},
  Journal                  = {R-News},
  Year                     = {2001},
  Number                   = {3},
  Pages                    = {27-31},
  Volume                   = {1},

  Owner                    = {lucp8394},
  Timestamp                = {2014.10.03}
}

@Article{Dolnicar2011,
  Title                    = {BicBicluster: overcoming data dimensionality problems in market segmentation},
  Author                   = {Dolnicar, S. and Kaiser, S. and Lazarevski, K. and Leisch, F.},
  Journal                  = {Journal of Travel Research},
  Year                     = {2011},
  Number                   = {1},
  Pages                    = {41-49},
  Volume                   = {51},

  Owner                    = {lucp8394},
  Timestamp                = {2014.10.03}
}

@Article{Fox2007,
  Title                    = {Extending the R Commander by "Plug-in" Packages},
  Author                   = {Fox, J.},
  Journal                  = {R-News},
  Year                     = {2007},
  Number                   = {3},
  Pages                    = {46-52},
  Volume                   = {7},

  Owner                    = {lucp8394},
  Timestamp                = {2014.10.03}
}

@Article{Fox2005,
  Title                    = {The R Commander: A basic-statistics graphical user interface to R},
  Author                   = {Fox, J.},
  Journal                  = {Journal of Statistical},
  Year                     = {2005},
  Number                   = {9},
  Pages                    = {1-42},
  Volume                   = {14},

  Owner                    = {lucp8394},
  Timestamp                = {2014.10.03}
}

@Manual{Fox2013,
  Title                    = {Getting Started With the R Commander},
  Author                   = {Fox, J. and Bouchet-Valat, M.},
  Year                     = {2013},

  Owner                    = {lucp8394},
  Timestamp                = {2014.10.03},
  Url                      = {http://socserv.mcmaster.ca/jfox/Misc/Rcmdr/Getting-Started-with-the-Rcmdr.pdf}
}

@Manual{Gestraud2014,
  Title                    = {Package 'BicARE': Biclustering Analysis and Results Exploration},
  Author                   = {Gestraud, P.},
  Note                     = {R Package Version 1.24.0},
  Year                     = {2014},

  Owner                    = {lucp8394},
  Timestamp                = {2014.10.29},
  Url                      = {http://www.bioconductor.org/packages/release/bioc/manuals/BicARE/man/BicARE.pdf}
}

@Manual{Gestraud2014a,
  Title                    = {BicARE: Biclustering Analysis and Results Exploration},
  Author                   = {Gestraud, P.and Brito, I. and Barillot, E.},
  Year                     = {2014},

  Owner                    = {lucp8394},
  Timestamp                = {2014.10.29},
  Url                      = {http://www.bioconductor.org/packages/release/bioc/vignettes/BicARE/inst/doc/BicARE.pdf}
}

@Article{Girolami2001,
  Title                    = {A Variational Method for Learning Sparse and Overcomplete Representations},
  Author                   = {Girolami, M.},
  Journal                  = {Neural Computation},
  Year                     = {2001},
  Number                   = {11},
  Pages                    = {2517-2532},
  Volume                   = {13},

  Owner                    = {lucp8394},
  Timestamp                = {2014.10.03}
}

@Manual{Gustenleitner2012,
  Title                    = {Package 'iBBiG': Iterative Binary Clustering of Genesets},
  Author                   = {Gustenleitner, D. and Howe, E.A. and Betink, S. and Quackenbush, J. and Culhana, A.C.},
  Note                     = {R Package Version 1.8.0},
  Year                     = {2012},

  Owner                    = {lucp8394},
  Timestamp                = {2014.10.03},
  Url                      = {http://www.bioconductor.org/packages/release/bioc/manuals/iBBiG/man/iBBiG.pdf}
}

@Manual{Hochreiter2014,
  Title                    = {Package 'fabia': FABIA: Factor Analysis for Bicluster Acquisition},
  Author                   = {Hochreiter, S.},
  Note                     = {R Package Version 2.10.2},
  Year                     = {2014},

  Owner                    = {lucp8394},
  Timestamp                = {2014.10.03},
  Url                      = {http://www.bioconductor.org/packages/release/bioc/manuals/fabia/man/fabia.pdf}
}

@Manual{Hochreiter2014a,
  Title                    = {FABIA: Factor Analysis for Bicluster Acquisition - Manual for the R Package},
  Author                   = {Hochreiter, S.},
  Year                     = {2014},

  Owner                    = {lucp8394},
  Timestamp                = {2014.10.03},
  Url                      = {http://www.bioconductor.org/packages/release/bioc/vignettes/fabia/inst/doc/fabia.pdf}
}

@Article{Hochreiter2010,
  Title                    = {FABIA: Factor Analysis for Bicluster acquisition},
  Author                   = {Hochreiter, S. and Bodenhoger, U. and Heusel, M. and Mayr, A. and Mitterecker, A. and Kasim, A. and Khamiakova, T. and Sanden, S.V. and Lin, D. and Talloen, W. and Bijnens, G\"{o}hlmann, H.W.H. and Shkedy, Z. and Clevert, D.-A.},
  Journal                  = {Bioinformatics},
  Year                     = {2010},
  Number                   = {12},
  Pages                    = {1520-1527},
  Volume                   = {26},

  Owner                    = {lucp8394},
  Timestamp                = {2014.10.03}
}

@Article{Hoyer2004,
  Title                    = {Non-negative Matrix Factorization with Sparseness Constraints},
  Author                   = {Hoyer, P.O.},
  Journal                  = {Journal of Machine Learning Research},
  Year                     = {2004},
  Pages                    = {1457-1469},
  Volume                   = {5},

  Owner                    = {lucp8394},
  Timestamp                = {2014.10.03}
}

@PhdThesis{Kaiser2011,
  Title                    = {BicBicluster: Methods, Software and Application},
  Author                   = {Kaiser, S.},
  School                   = {Ludwig-Maximilians-Universitat Munich},
  Year                     = {2011},

  Owner                    = {lucp8394},
  Timestamp                = {2014.10.03}
}

@TechReport{Kaiser2008,
  Title                    = {A toolbox for bicluster analysis in R},
  Author                   = {Kaiser, S. and Leisch, F.},
  Institution              = {Department of Statistics University of Munich},
  Year                     = {2008},
  Number                   = {028},

  Owner                    = {lucp8394},
  Timestamp                = {2014.10.03}
}

@Manual{Kaiser2014,
  Title                    = {Package 'biclust': BiCluster Algorithms},
  Author                   = {Kaiser, S. and Santamaria, R. and Khamiakova, T. and Sill, M. and Theron, R. and Quintales, L. and Leisch, F.},
  Note                     = {R Package Version 1.0.2},
  Year                     = {2014},

  Owner                    = {lucp8394},
  Timestamp                = {2014.10.03},
  Url                      = {http://cran.r-project.org/web/packages/biclust/biclust.pdf}
}

@Manual{Khamiakova2014,
  Title                    = {Package 'superbiclust': Generating Robust Biclusters from a Bicluster Set (Ensemble Biclustering)},
  Author                   = {Khamiakova, T.},
  Note                     = {R Package Version 0.1},
  Year                     = {2014},

  Owner                    = {lucp8394},
  Timestamp                = {2014.10.03},
  Url                      = {http://cran.r-project.org/web/packages/superbiclust/superbiclust.pdf}
}

@PhdThesis{Khamiakova2013,
  Title                    = {Statistical Methods for Analysis of High Throughput Experiments in Early Drug Development},
  Author                   = {Khamiakova, T.},
  School                   = {Hasselt University},
  Year                     = {2013},

  Owner                    = {lucp8394},
  Timestamp                = {2014.10.03}
}

@Article{Kluger2003,
  Title                    = {Spectral biclustering of microarray data: Coclustering genes and conditions},
  Author                   = {Kluger, Y. and Basri, R. and Chang, J.T. and Gerstein, M.},
  Journal                  = {Genome Research},
  Year                     = {2003},
  Pages                    = {703-716},
  Volume                   = {13},

  Owner                    = {lucp8394},
  Timestamp                = {2014.10.03}
}

@TechReport{Lazzeroni2000,
  Title                    = {Plaid models for gene expression data},
  Author                   = {Lazzeroni, L. and Owen, A.},
  Institution              = {Standford University},
  Year                     = {2000},
  Number                   = {211},

  Owner                    = {lucp8394},
  Timestamp                = {2014.10.03}
}

@Article{Li2009,
  Title                    = {QUBIC: a qualitative biclustering algorithm for analyses of gene expression data},
  Author                   = {Li, G. and Ma, Q. and Tang, H. and Paterson, A.H. and Xu, Y.},
  Journal                  = {Nucleic},
  Year                     = {2009},

  Month                    = {June},
  Number                   = {15},
  Pages                    = {1-10},
  Volume                   = {37},

  Owner                    = {lucp8394},
  Timestamp                = {2014.10.24},
  Url                      = {http://nar.oxfordjournals.org/content/37/15/e101.full.pdf+html}
}

@Article{Madeira2004,
  Title                    = {Biclustering Algorithm for Biological Data Analysis: A Survey},
  Author                   = {Madeira, S.C. and Oliveira, A.L.},
  Journal                  = {IEEE/ACM Transactions on Computational Biology and Bioinformatics},
  Year                     = {2004},
  Number                   = {1},
  Pages                    = {24-45},
  Volume                   = {1},

  Owner                    = {lucp8394},
  Timestamp                = {2014.10.03}
}

@InProceedings{Murali2003,
  Title                    = {Extracting conserved gene expression motifs from gene expression data},
  Author                   = {Murali, T. and Kasif, S.},
  Booktitle                = {Pacific Symposium on Biocomputing},
  Year                     = {2003},
  Pages                    = {77-88},
  Volume                   = {8},

  Owner                    = {lucp8394},
  Timestamp                = {2014.10.03}
}

@Article{Palmer2006,
  Title                    = {Variational EM algorithms for non-Gaussian latent variable models},
  Author                   = {Palmer, J. and Wipf, D. and Kreutz-Delgado, K. and Rao, B.},
  Journal                  = {Advances in Neural Information Processing Systems},
  Year                     = {2006},
  Pages                    = {1059-1066},
  Volume                   = {18},

  Owner                    = {lucp8394},
  Timestamp                = {2014.10.03}
}

@PhdThesis{Pramana2011,
  Title                    = {Statistical Methods for Microarray Experiments: Analysis Dose-response studies and Software Development in R},
  Author                   = {Pramana, S.},
  School                   = {Hasselt University},
  Year                     = {2011},

  Owner                    = {lucp8394},
  Timestamp                = {2014.10.03}
}

@Article{Prelic2006,
  Title                    = {A systematic comparison and evaluation of biclustering methods for gene expression data},
  Author                   = {Preli\'{c}, A. and Bleuler, S. and Zimmermann, P. and Wille A. and B\"{u}hlmann, P. and Gruissem, W. and Henning, L. and Thiele, L. and Zitzler, E.},
  Journal                  = {Bioinformatics},
  Year                     = {2006},
  Pages                    = {1122-1129},
  Volume                   = {22},

  Owner                    = {lucp8394},
  Timestamp                = {2014.10.03}
}

@Article{Shi2010,
  Title                    = {A bi-ordering approach to linking gene expression with clinical annotations in gastric cancer},
  Author                   = {Shi, F. and Leckie, C. and MacIntyre, G. and Haviv, I. and Boussioutas, A. and Kowalczyk, A.},
  Journal                  = {BMC Bioinformatics},
  Year                     = {2010},
  Pages                    = {477},
  Volume                   = {11},

  Owner                    = {lucp8394},
  Timestamp                = {2014.10.03}
}

@Unpublished{Tanay2004,
  Title                    = {Biclustering algorithms: A survey},
  Author                   = {Tanay, A. and Sharan, R. and Shamir, R.},
  Note                     = {Available Online},
  Year                     = {2004},

  Owner                    = {lucp8394},
  Timestamp                = {2014.10.03},
  Url                      = {http://www.math.tau.ac.il/~roded/articles/bicrev.pdf}
}

@Article{Turner2005,
  Title                    = {Improved biclustering of microarray data demonstrated through systsystem performance tests},
  Author                   = {Turner, H. and Bailey, T. and Krzanowski, W.},
  Journal                  = {Computational Statistics and Data Analysis},
  Year                     = {2005},
  Pages                    = {235-254},
  Volume                   = {48},

  Owner                    = {lucp8394},
  Timestamp                = {2014.10.03}
}

@Article{Yang2005,
  Title                    = {An improbed biclustering method for analyzing gene expression},
  Author                   = {Yang, J. and Wang, H. and Wang, W. and Yu, P.},
  Journal                  = {International Journal on Artificial Tools},
  Year                     = {2005},
  Number                   = {5},
  Pages                    = {771-789},
  Volume                   = {14},

  Owner                    = {lucp8394},
  Timestamp                = {2014.10.30},
  Url                      = {http://www.cs.ucla.edu/~weiwang/paper/IJAIT05.pdf}
}

@Manual{Zhang2014,
  Title                    = {Package 'rqubic': Qualitative biclustering algorithm for expression data analysis in R},
  Author                   = {Zhang, J.D. and Badi, L. and Ebeling, M.},
  Note                     = {R Package Version 1.12},
  Year                     = {2014},

  Owner                    = {lucp8394},
  Timestamp                = {2014.10.23},
  Url                      = {http://www.bioconductor.org/packages/release/bioc/manuals/rqubic/man/rqubic.pdf}
}

@Manual{Zhang2014a,
  Title                    = {Qualitative Biclustering with Bioconductor Package rqubic},
  Author                   = {Zhang, J.D. and Badi, L. and Ebeling, M.},
  Year                     = {2014},

  Owner                    = {lucp8394},
  Timestamp                = {2014.10.23},
  Url                      = {http://www.bioconductor.org/packages/release/bioc/vignettes/rqubic/inst/doc/rqubic.pdf}
}

